<record><leader>00000cas a22000007a 4500</leader><controlfield tag="001">16572431</controlfield><controlfield tag="008">870827d19171989iauwr ne      0    0eng d</controlfield><datafield ind1=" " ind2=" " tag="010"><subfield code="a">sn 87057810 </subfield></datafield><datafield ind1=" " ind2=" " tag="040"><subfield code="a">INP</subfield><subfield code="b">eng</subfield><subfield code="c">INP</subfield><subfield code="d">OCLCQ</subfield></datafield><datafield ind1=" " ind2=" " tag="042"><subfield code="a">msc</subfield></datafield><datafield ind1="0" ind2=" " tag="130"><subfield code="a">Fonda times (Fonda, Iowa : 1917)</subfield></datafield><datafield ind1="1" ind2="4" tag="245"><subfield code="a">The Fonda times.</subfield></datafield><datafield ind1=" " ind2=" " tag="260"><subfield code="a">Fonda, Pocahontas County, Iowa :</subfield><subfield code="b">B. Kroessen,</subfield><subfield code="c">1917-1989.</subfield></datafield><datafield ind1=" " ind2=" " tag="300"><subfield code="a">v.</subfield></datafield><datafield ind1=" " ind2=" " tag="310"><subfield code="a">Weekly</subfield></datafield><datafield ind1="0" ind2=" " tag="362"><subfield code="a">Vol. 41, no. 45 (Jan. 4, 1917)-no. 26 (June 29, 1989).</subfield></datafield><datafield ind1=" " ind2=" " tag="500"><subfield code="a">Publisher varies.</subfield></datafield><datafield ind1=" " ind2=" " tag="515"><subfield code="a">Numbered within the year, &lt;1984&gt;-June 29, 1989.</subfield></datafield><datafield ind1=" " ind2=" " tag="752"><subfield code="a">United States</subfield><subfield code="b">Iowa</subfield><subfield code="c">Pocahontas</subfield><subfield code="d">Fonda.</subfield></datafield><datafield ind1="0" ind2="0" tag="780"><subfield code="t">Journal and times (Fonda, Iowa : 1915)</subfield><subfield code="w">(DLC)sn 87058666</subfield></datafield><datafield ind1="0" ind2="4" tag="785"><subfield code="t">Pocahontas record-Democrat</subfield><subfield code="w">(DLC)sn 87057812</subfield></datafield></record>